% Encoding: UTF-8

@online{Bernstein,
  author = {Bernstein, Daniel J.},
  title  = {Using maildir format},
  year   = {1995},
  url    = {https://cr.yp.to/proto/maildir.html},
  urldate = {2018-10-19}
}

@Manual{maildir-man,
  title = {Maildir manual page},
  year  = {2018},
  date  = {2018-10-19},
  url   = {http://www.qmail.org/man/man5/maildir.html},
}

@Comment{jabref-meta: databaseType:biblatex;}
